=LDR  00000nam a22000003i 4500
=005  20250724214327.0
=008  250724s1995||||cc\||||||||||||||\||eng||
=033  0\$a19951204
=040  \\$aUkOxU$beng$erda$cUkOxU
=041  0\$aeng$achi
=245  00$aSale of Fine Chinese Art.
=246  31$6880-01$aZhongguo shu hua, tao ci ji yi shu pin pai mai hui
=264  \1$aHongkong :$bRong Bao Zhai (HK) Company Ltc and Associate Fine Arts Auctioneers Limited,$c[1995?]
=300  \\$aapproximately 220 pages ;$c29 cm
=336  \\$atext$2rdacontent
=337  \\$aunmediated$2rdamedia
=338  \\$avolume$2rdacarrier
=876  \\$p308241295$zDonated by the Ashmolean Museum.
=880  31$6246-01$a[<code='a', contents='中國書畫、陶瓷及藝術品拍賣會'>]
=904  \\$aOxford Local Record

