=LDR  00000nam a22000003i 4500
=005  20250724214327.0
=008  250724s1995||||cc\||||||||||||||\||chi||
=033  0\$a19950618
=040  \\$aUkOxU$beng$erda$cUkOxU
=041  0\$achi$aeng
=245  00$6880-01$aDuo Yun Xuan ‘95 chun ji jin dai zi hua pai mai.
=246  31$a’95 spring auction of Duo Yun Xuan contemporary calligraphy and painting
=264  \1$aShanghai :$bDuo Yun Xuan Art Auctioneers,$c[1995?]
=300  \\$aapproximately 230 pages ;$c29 cm
=336  \\$atext$2rdacontent
=337  \\$aunmediated$2rdamedia
=338  \\$avolume$2rdacarrier
=876  \\$p308241294$zDonated by the Ashmolean Museum.
=880  00$6245-01$a[<code='a', contents='朵雲軒‘95春季近代字畫拍賣'>, <code='', contents='.'>]
=904  \\$aOxford Local Record

