=LDR  00000nam a22000003i 4500
=005  20250724214327.0
=008  250724s1994||||cc\||||||||||||||\||chi||
=033  0\$a19941127
=040  \\$aUkOxU$beng$erda$cUkOxU
=245  00$6880-01$a‘94 Zhongguo yi shu pin (shu hua) pai mai hui.
=264  \1$aGuangzhou :$bGuangzhou Fine Arts Auctioneers,$c[1994?]
=300  \\$aapproximately 200 pages ;$c29 cm
=336  \\$atext$2rdacontent
=337  \\$aunmediated$2rdamedia
=338  \\$avolume$2rdacarrier
=876  \\$p308241293$zDonated by the Ashmolean Museum.
=880  00$6245-01$a[<code='a', contents='‘94中國藝術品（書畫）拍賣會'>, <code='', contents='.'>]
=904  \\$aOxford Local Record

